<?xml version="1.0" encoding="UTF-8"?><collection xmlns="http://www.loc.gov/MARC21/slim"><record><leader>00430nam--2200133-i-4500</leader><controlfield tag="001">000019399</controlfield><controlfield tag="002">20161230</controlfield><controlfield tag="005">20161230201033</controlfield><controlfield tag="008">060222s1000------------r-----000-0-eng-d</controlfield><datafield ind1=" " ind2=" " tag="080"><subfield code="a">541.123.2:015:541.451:546.74.31</subfield></datafield><datafield ind1=" " ind2=" " tag="100"><subfield code="a">Degraix, Henri</subfield></datafield><datafield ind1=" " ind2=" " tag="245"><subfield code="a">Contribution l`etude de la formation des solutions solides d`oxydes de lithium dans l`oxyde de nickel</subfield></datafield><datafield ind1=" " ind2=" " tag="260"><subfield code="a">Lyon, Universite Claude Bernard, 1971.   79 P</subfield></datafield><datafield ind1=" " ind2=" " tag="852"><subfield code="a">38043</subfield></datafield></record></collection>